<?xml version="1.0" encoding="UTF-8"?><collection xmlns="http://www.loc.gov/MARC21/slim"><record><leader>00393nam--2200133-i-4500</leader><controlfield tag="001">000020272</controlfield><controlfield tag="002">20161230</controlfield><controlfield tag="005">20161230201033</controlfield><controlfield tag="008">060222s1000------------r-----000-0-eng-d</controlfield><datafield ind1=" " ind2=" " tag="080"><subfield code="a">546.79:541.11</subfield></datafield><datafield ind1=" " ind2=" " tag="100"><subfield code="a">Flotow, H.E./S.A.</subfield></datafield><datafield ind1=" " ind2=" " tag="245"><subfield code="a">The chemical thermodynamics of actinide elements and compounds. part.9: the actinide hybrides</subfield></datafield><datafield ind1=" " ind2=" " tag="260"><subfield code="a">Vienna, I.A.E.A., 1984.   115 P</subfield></datafield><datafield ind1=" " ind2=" " tag="852"><subfield code="a">43141</subfield></datafield></record></collection>